@misc{DCRNN,
    title = {Diffusion Convolutional Recurrent Neural Network: Data-Driven Traffic Forecasting},
    author = {Yaguang Li and Rose Yu and Cyrus Shahabi and Yan Liu},
    year = {2018},
    eprint = {1707.01926},
    archivePrefix = {arXiv},
    primaryClass = {cs.LG},
    url = {https://arxiv.org/abs/1707.01926},
}